@misc{petsc-web-page,
  author = {Satish Balay and Shrirang Abhyankar and Mark~F. Adams and Steven Benson and Jed Brown
    and Peter Brune and Kris Buschelman and Emil~M. Constantinescu and Lisandro Dalcin and Alp Dener
    and Victor Eijkhout and Jacob Faibussowitsch and William~D. Gropp and V\'{a}clav Hapla and Tobin Isaac and Pierre Jolivet
    and Dmitry Karpeev and Dinesh Kaushik and Matthew~G. Knepley and Fande Kong and Scott Kruger
    and Dave~A. May and Lois Curfman McInnes and Richard Tran Mills and Lawrence Mitchell and Todd Munson
    and Jose~E. Roman and Karl Rupp and Patrick Sanan and Jason Sarich and Barry~F. Smith
    and Stefano Zampini and Hong Zhang and Hong Zhang and Junchao Zhang},
  title        = {{PETS}c {W}eb page},
  url          = {https://petsc.org/},
  year         = {2023},
}

@Article{bremer-gimbutas13,
  author = 	 {James Bremer and Zydrunas Gimbutas},
  title = 	 {On the numerical evaluation of the singular
                  integrals of scattering theory},
  journal = 	 {Journal of Computational Physics},
  year = 	 2013,
  volume = 	 251,
  pages = 	 {327--343},
  doi =          {10.1016/j.jcp.2013.05.048}}

@article{greengard-oneil-rachh-vico21,
author = {Leslie Greengard and Michael O'Neil and Manas Rachh and
                  Felipe Vico},
title = {Fast multipole methods for the evaluation of layer potentials
                  with locally-corrected quadratures}, 
journal = {Journal of Computational Physics: X},
volume = {10},
pages = {100092},
year = {2021},
issn = {2590-0552},
url = {https://doi.org/10.1016/j.jcpx.2021.100092}
}

@Book{gumerov-duraiswami04,
  author = 	 {N. A. Gumerov and R. Duraiswami},
  title = 	 {Fast Multipole Methods for the {Helmholtz} equation
                  in three dimensions},
  publisher = 	 {Elsevier},
  year = 	 2004,
  address = 	 {Oxford}}

@TechReport{gumerov-duraiswami05,
  author = 	 {Nail A. Gumerov and Ramani Duraiswami},
  title = 	 {Comparison of the efficiency of translation
                  operators used in the fast multipole method for the
                  {3D} {Laplace} equation}, 
  institution =  {University of Maryland},
  year = 	 2005,
  number = 	 {CSTR~4701, UMIACS TR-2005-09}}

@Article{gumerov-duraiswami03,
  author = 	 {Nail A. Gumerov and Ramani Duraiswami},
  title = 	 {Recursions for the computation of multipole
                  translation and rotation coefficients for the {3-D}
                  {Helmholtz} equation},
  journal = 	 {SIAM Journal on Scientific Computing},
  year = 	 2003,
  volume = 	 25,
  number = 	 4,
  pages = 	 {1344--1381},
  doi =          {10.1137/S1064827501399705}}

@Article{gumerov-duraiswami09,
  author = 	 {Nail A. Gumerov and Ramani Duraiswami},
  title = 	 {A broadband fast multipole accelerated boundary
                  element method for the three dimensional {Helmholtz}
                  equation}, 
  journal = 	 {Journal of the Acoustical Society of America},
  year = 	 2009,
  volume = 	 125,
  number = 	 1,
  pages = 	 {191--205},
  doi =          {10.1121/1.3021297}}

@Article{betcke-scroggs21,
  author = 	 {T. Betcke and M. W. Scroggs},
  title = 	 {Bempp-cl: {A} fast {Python} based just-in-time compiling
                  boundary element library}, 
  journal = 	 {Journal of Open Source Software},
  year = 	 2021,
  url =          {https://joss.theoj.org/papers/10.21105/joss.02879},
  volume = 	 6,
  number = 	 59}

@Article{geuzaine-remacle09,
  author = 	 {Christophe Geuzaine and Jean-Fran\c{c}ois Remacle},
  title = 	 {Gmsh: {A} 3-{D} finite element mesh
                  generator with built-in pre- and post-processing
                  facilities},
  journal = 	 {International Journal for Numerical Methods in Engineering} ,
  year = 	 2009,
  volume = 79,
  number = 11,
  publisher = {John Wiley & Sons, Ltd.},
  issn = {1097-0207},
  url = {http://dx.doi.org/10.1002/nme.2579},
  doi = {10.1002/nme.2579},
  pages = {1309--1331},
  keywords = {computer-aided design, mesh generation, post-processing,
                  finite elem ent method, open-source software}
}

@Book{kirkup07,
  author = 	 {S. M. Kirkup},
  title = 	 {The {Boundary} {Element} {Method} in acoustics},
  publisher = 	 {Integrated Sound Software},
  year = 	 2007,
  url = {http://www.boundary-element-method.com}}

@Article{wandzura-xiao03,
  author = 	 {S. Wandzura and H. Xiao},
  title = 	 {Symmetric quadrature rules on a triangle},
  journal = 	 {Computers and Mathematics with Applications},
  year = 	 2003,
  volume =	 45,
  pages =	 {1829--1840}
}

@Article{xiao-gimbutas10,
  author = 	 {Hong Xiao and Zydrunas Gimbutas},
  title = 	 {A numerical algorithm for the construction of
                  efficient quadrature rules in two and higher dimensions}, 
  journal = 	 {Computers and Mathematics with Applications},
  year = 	 2010,
  volume = 	 59,
  pages = 	 {663--676},
  doi =          {10.1016/j.camwa.2009.10.027}}
